<record><leader>01223cam a2200325 a 4500</leader><controlfield tag="001">1316728</controlfield><controlfield tag="008">900830s1985    onc      b   f    0 eng c</controlfield><datafield ind1=" " ind2=" " tag="035"><subfield code="a">ocm70304605</subfield></datafield><datafield ind1=" " ind2=" " tag="040"><subfield code="b">eng</subfield></datafield><datafield ind1=" " ind2=" " tag="043"><subfield code="a">n-cn---</subfield></datafield><datafield ind1=" " ind2=" " tag="049"><subfield code="a">AEU</subfield><subfield code="b">eng</subfield></datafield><datafield ind1=" " ind2="4" tag="050"><subfield code="a">HV9025</subfield><subfield code="b">C38 1985</subfield></datafield><datafield ind1="0" ind2=" " tag="090"><subfield code="a">GOV DOC CA1 JS 82-53\ 1985</subfield></datafield><datafield ind1="1" ind2=" " tag="100"><subfield code="a">Campbell, Gayle.</subfield></datafield><datafield ind1="1" ind2="0" tag="245"><subfield code="a">Characteristics of inmates involved in prison incidents :</subfield><subfield code="b">phase 1 /</subfield><subfield code="c">Gayle Campbell, Frank J. Porporino, Len Wevrick.</subfield></datafield><datafield ind1=" " ind2=" " tag="260"><subfield code="a">[Ottawa] :</subfield><subfield code="b">Ministry of the Solicitor General of Canada, Secretariat, Programs Branch,</subfield><subfield code="c">1985.</subfield></datafield><datafield ind1=" " ind2=" " tag="300"><subfield code="a">20 leaves.</subfield></datafield><datafield ind1=" " ind2=" " tag="336"><subfield code="a">text</subfield><subfield code="b">txt</subfield><subfield code="2">rdacontent</subfield></datafield><datafield ind1=" " ind2=" " tag="337"><subfield code="a">unmediated</subfield><subfield code="b">n</subfield><subfield code="2">rdamedia</subfield></datafield><datafield ind1=" " ind2=" " tag="338"><subfield code="a">volume</subfield><subfield code="b">nc</subfield><subfield code="2">rdacarrier</subfield></datafield><datafield ind1="1" ind2=" " tag="490"><subfield code="a">Programs Branch user report ;</subfield><subfield code="v">no. 1985-53</subfield></datafield><datafield ind1=" " ind2=" " tag="504"><subfield code="a">Bibliography: leaf 20.</subfield></datafield><datafield ind1=" " ind2=" " tag="596"><subfield code="a">38</subfield></datafield><datafield ind1=" " ind2="0" tag="650"><subfield code="a">Prison violence</subfield><subfield code="z">Canada.</subfield></datafield><datafield ind1=" " ind2="0" tag="650"><subfield code="a">Prisoners</subfield><subfield code="x">Attitudes.</subfield></datafield><datafield ind1="1" ind2=" " tag="700"><subfield code="a">Porporino, Frank J.</subfield></datafield><datafield ind1="1" ind2=" " tag="700"><subfield code="a">Wevrick, Len.</subfield></datafield><datafield ind1="1" ind2=" " tag="710"><subfield code="a">Canada.</subfield><subfield code="b">Ministry of the Solicitor General.</subfield><subfield code="b">Programs Branch.</subfield></datafield><datafield ind1=" " ind2="0" tag="830"><subfield code="a">User report ;</subfield><subfield code="v">no. 1985:53.</subfield></datafield><datafield ind1=" " ind2=" " tag="926"><subfield code="a">GOV DOC CA1 JS 82-53/ 1985</subfield><subfield code="w">LC</subfield><subfield code="c">1</subfield><subfield code="i">000033764424</subfield><subfield code="d">12/5/2002</subfield><subfield code="l">ON_SHELF</subfield><subfield code="m">UABARD</subfield><subfield code="n">6</subfield><subfield code="p">$150.00</subfield><subfield code="r">Y</subfield><subfield code="s">Y</subfield><subfield code="t">BOOK</subfield><subfield code="u">9/7/1990</subfield><subfield code="o">.STAFF. B0038051</subfield></datafield></record>